@article{patashnik1984bibtex,
  title={BIBTEX 101},
  author={Patashnik, Oren},
  journal={TUGboat},
  volume={15},
  pages={269--273},
  year={1984}
}
@inproceedings{moura2021lean,
  title={The lean 4 theorem prover and programming language},
  author={Moura, Leonardo de and Ullrich, Sebastian},
  booktitle={International Conference on Automated Deduction},
  pages={625--635},
  year={2021},
  organization={Springer}
}
@book{kennedy2012peano,
  title={Peano: life and works of Giuseppe Peano},
  author={Kennedy, Hubert},
  volume={4},
  year={2012},
  publisher={Springer Science \& Business Media}
}
